@misc{gmitqaf,
  author = "GMIT",
  title = "Quality Assurance Framework",
  howpublished = "\\ \url{https://www.gmit.ie/general/quality-assurance-framework}"
}

@misc{anscombedataset,
  author = "R data sets",
  title = "	Anscombe's Quartet of Identical Simple Linear Regressions",
  howpublished = "\\ \url{https://vincentarelbundock.github.io/Rdatasets/csv/datasets/anscombe.csv}"
}

@misc{pythonwebsite,
    author = "Python Software Foundation ",
    title = "Welcome to Python.org",
    howpublished = "\\ \url{https://www.python.org/}"
}

@misc{jupyter,
  author = "Project Jupyter",
  title = "Project Jupyter Home",
  howpublished = "\\ \url{http://jupyter.org/}"
}

@misc{git,
  author = "Software Freedom Conservancy",
  title = "Git",
  howpublished = "\\ \url{https://git-scm.com/}"
}

@misc{github,
  author = "GitHub, Inc.",
  title = "GitHub",
  howpublished = "\\ \url{https://github.com/}"
}

@misc{numpy,
  author = "NumPy developers",
  title = "NumPy",
  howpublished = "\\ \url{http://www.numpy.org/}"
}